@misc{participa,
  title={Brazilian Federal Social Participation Portal},
  journal={(online)},
  howpublished = {\url{http://participa.br/}},
  note = {Accessed: 2015-01-26}
}
@misc{cd,
  title={Cidade Democrática participation portal},
  journal={(online)},
  howpublished = {\url{http://cidadedemocratica.org.br/}},
  note = {Accessed: 2015-01-26}
}
@misc{ircTri,
  author = {R. Fabbri},
  title = {Routine to translate \aab\ shouts in \irc\ log to \rdf triples.},
  year = {2014},
  publisher = {\githubi},
  journal = {\gihubi\ repository},
  howpublished = {\url{https://github.com/ttm/aa01/blob/master/rdf/triplificaAAirc.py}},
}
@article{linkedDataBook,
  title={Linked data: Evolving the web into a global data space},
  author={Heath, Tom and Bizer, Christian},
  journal={Synthesis lectures on the semantic web: theory and technology},
  volume={1},
  number={1},
  pages={1--136},
  year={2011},
  publisher={Morgan \& Claypool Publishers}
}

@misc{ appGMANE,
   author ={Fabbri, Renato and Costa, Luciano da F. and Oliveira jr, Osvaldo N. de},
   title = {Online gadget for making email interaction network images, gml files and measurements.},
   year =  {2013},
   howpublished= {\url{http://hera.ethymos.com.br:1080/redes/python/autoRede/escolheRedes.php}},
   note = {Online; accessed 28-October-2013}
 }

@article{life,
  title={Life in the network: the coming age of computational social science},
  author={Lazer, David and Pentland, Alex Sandy and Adamic, Lada and Aral, Sinan and Barabasi, Albert Laszlo and Brewer, Devon and Christakis, Nicholas and Contractor, Noshir and Fowler, James and Gutmann, Myron and others},
  journal={Science (New York, NY)},
  volume={323},
  number={5915},
  pages={721},
  year={2009},
  publisher={NIH Public Access}
}

@article{LOD,
  title={State of the LOD Cloud},
  author={Bizer, Chris and Jentzsch, Anja and Cyganiak, Richard},
  journal={Version 0.3 (September 2011)},
  year={2011}
}


@misc{mysqlTri,
  author = {R. Fabbri},
  title = {Routine to translate \aab\ \mysql\ database to \rdf triples.},
  year = {2014},
  publisher = {\githubi},
  journal = {\gihubi\ repository},
  howpublished = {\url{https://github.com/ttm/aa01/blob/master/rdf/triplificaAA.py}},
}
@misc{mongoTri,
  author = {R. Fabbri},
  title = {Routine to translate \aab\ \mongodb\ database to \rdf triples.},
  year = {2014},
  publisher = {\githubi},
  journal = {\gihubi\ repository},
  howpublished = {\url{https://github.com/ttm/aa01/blob/master/rdf/triplificaAAmongo.py}},
}


@misc{lalenia,
  author = {labMacambira.sf.net},
  title = {Lalenia bot git repository},
  year = {2011},
  publisher = {Sourceforge},
  journal = {Sourceforge repository},
  howpublished = {\url{http://sourceforge.net/p/labmacambira/lalenia2/ci/master/tree/}},
}

@misc{laleniaPlug,
  author = {labMacambira.sf.net},
  title = {\aai\ plug-in for lalenia/supybot (git repository)},
  year = {2011-4},
  publisher = {Sourceforge},
  journal = {Sourceforge repository},
  howpublished = {\url{http://sourceforge.net/p/labmacambira/lalenia2/ci/master/tree/plugins/AAbot/}},
}


@misc{wisaa,
  author = {\lm},
  title = {\irci\ dialog: ``What is \aab\''},
  year = {2012},
  publisher = {Sourceforge},
  journal = {Sourceforge repository},
  howpublished = {http://sourceforge.net/p/labmacambira/aa/ci/master/tree/aa-what-is-aa}},
}
@misc{lirc,
  author = {\lm},
  title = {\#labmacambira@Freenode \irc\ channel},
  year = {2011-2015},
  publisher = {Freenode},
  journal = {Webchat},
  howpublished = {\url{http://webchat.freenode.net/?channels=#labmacambira}},
}
@misc{yupana,
  author = {M. Begalli, R. Fabbri and G. Soares},
  title = {After all, who is Yupana Kernel},
  year = {2011},
  publisher = {Sourceforge},
  journal = {Sourceforge repository},
  howpublished = {http://mutgamb.org/blog/Afinal-quem-e-Yupana-Kernel}},
}

@misc{supybot,
  author = {Free software community},
  title = {Supybot},
  year = {2000-2015},
  publisher = {Sourceforge},
  journal = {Sourceforge repository},
  howpublished = {http://sourceforge.net/projects/supybot/}},
}




@misc{ubi,
  author = {labMacambira.sf.net},
  title = {Ubiquitous \aab\ git repository},
  year = {2012},
  publisher = {Sourceforge},
  journal = {Sourceforge repository},
  howpublished = {\url{http://sourceforge.net/p/labmacambira/aa/ci/master/tree/omniscientAA/}},
}

@misc{aafc,
  author = {labMacambira.sf.net},
  title = {Client git repository of first \aab},
  year = {2012},
  publisher = {Sourceforge},
  journal = {Sourceforge repository},
  howpublished = {\url{http://sourceforge.net/p/labmacambira/aa/ci/master/tree/}},
}
@misc{aafs,
  author = {labMacambira.sf.net},
  title = {Server git repository of first \aab},
  year = {2012},
  publisher = {Gitorious},
  journal = {Gitorious repository},
  howpublished = {\url{https://gitorious.org/macambira_aa/macambira_aa}},
}
@misc{aa01r,
  author = {labMacambira.sf.net},
  title = {Core code repository of \aab01},
  year = {2014},
  publisher = {\githubi},
  journal = {\gihubi\ repository},
  howpublished = {\url{https://github.com/ttm/aa01}},
}
@misc{aa01c,
  author = {labMacambira.sf.net},
  title = {Client of \aab01},
  year = {2014},
  publisher = {Heroku},
  journal = {Heroku app},
  howpublished = {\url{http://aaserver.herokuapp.com/minimumClient/}},
}
@misc{aa01s,
  author = {labMacambira.sf.net},
  title = {Server of \aab01},
  year = {2014},
  publisher = {Heroku},
  journal = {Heroku app},
  howpublished = {\url{http://aaserver.herokuapp.com/shout?nick=oNickOuAnonimo&shout=a}},
}
@misc{ciberiun,
author = {Fabbri, R.},
title = {Nuvens cognitivas e a unificação da espécie humana},
month = {October},
year = {2013},
howpublished={\url{http://wiki.nosdigitais.teia.org.br/Cyberiun} and \url{http://cyberiun.tumblr.com/post/64607669758/nuvens-cognitivas}}
}

@misc{ stso,
       author = "Wikipedia",
          title = "Transparency (behavior) --- Wikipedia{,} The Free Encyclopedia",
             year = "2015",
                howpublished= "\url{http://en.wikipedia.org/w/index.php?title=Transparency_(behavior)}",
                   note = "[Online; accessed 13-January-2015]"
                        }
@misc{ aaWiki,
       author = {labMacambira.sf.net},
          title = {\aai\ Wiki},
             year = "2012",
                howpublished= "\url{http://wiki.nosdigitais.teia.org.br/AA#Tags_Propostas}",
                   note = "[Online; accessed 21-January-2015]"
                        }
@misc{ aaREADME,
       author = {labMacambira.sf.net},
          title = {README file of current \aab},
             year = "2014",
                howpublished= {\url{https://github.com/ttm/aa01/blob/master/README.md}},
                   note = "[Online; accessed 21-January-2015]"
                        }
@misc{ Cleodon,
       author = "Wikipedia",
          title = "Cleodon Silva --- Wikipedia{,} The Free Encyclopedia",
             year = "2015",
                url = "\url{http://pt.wikipedia.org/wiki/Cleodon_Silva}",
                   note = "[Online; accessed 13-January-2015]"
                        }
@article{espTr,
      title={Religion in the public sphere},
        author={Habermas, J{\"u}rgen},
          journal={European journal of philosophy},
            volume={14},
              number={1},
                pages={1--25},
                  year={2006},
                    publisher={Wiley Online Library}
}
@inproceedings{priTr,
      title={Private sector approaches to secure traceability, transparency and quality assurance in food chains},
        author={Jensen, Helen H and Hayes, Dermot J},
          booktitle={Int. Agric. Trade Research Consortium Symp., Bonn, Germany},
            year={2006}
}
@article{govTr,
      title={E-Participation, Transparency, and Trust in Local Government},
        author={Kim, Soonhee and Lee, Jooho},
          journal={Public Administration Review},
            volume={72},
              number={6},
                pages={819--828},
                  year={2012},
                    publisher={Wiley Online Library}
}
@inproceedings{cla1,
      title={Ranking mechanisms in twitter-like forums},
        author={Das Sarma, Anish and Das Sarma, Atish and Gollapudi, Sreenivas and Panigrahy, Rina},
          booktitle={Proceedings of the third ACM international conference on Web search and data mining},
            pages={21--30},
              year={2010},
                organization={ACM}
}

@inproceedings{cla2,
      title={Ranking mechanisms in twitter-like forums},
        author={Das Sarma, Anish and Das Sarma, Atish and Gollapudi, Sreenivas and Panigrahy, Rina},
          booktitle={Proceedings of the third ACM international conference on Web search and data mining},
            pages={21--30},
              year={2010},
                organization={ACM}
}

@book{nov1,
      title={Python 3 Text Processing with NLTK 3 Cookbook},
        author={Perkins, Jacob},
          year={2014},
            publisher={Packt Publishing Ltd}
}
@article{nov2,
      title={Analyzing and modeling real-world phenomena with complex networks: a survey of applications},
        author={Costa, Luciano da Fontoura and Oliveira Jr, Osvaldo N and Travieso, Gonzalo and Rodrigues, Francisco Aparecido and Villas Boas, Paulino Ribeiro and Antiqueira, Lucas and Viana, Matheus Palhares and Correa Rocha, Luis Enrique},
          journal={Advances in Physics},
            volume={60},
              number={3},
                pages={329--412},
                  year={2011},
                    publisher={Taylor \& Francis}
}

@article{paaper,
      title={The Algorithmic Autoregulation (Distributed) software development Methodology},
        author={Fabbri, Renato and Fabbri, Ricardo and Vieira, Vilson and Negrao, Alexandre and Zambianchi, Lucas and Mendon{\c{c}}a, Marcos and Penalva, Daniel and Shiga, Danilo},
    journal={Revista Eletrônica de Sistemas de Informação},
    note={\url{http://sourceforge.net/p/labmacambira/paaper/ci/master/tree/editoracao-final/1702-corrigido.doc?format=raw}},
          year={2013}
}

@article{stph,
      title={Self-transparency and the possibility of deliberative politics},
        author={McBride, Cillian},
          journal={Journal of Political Ideologies},
            volume={8},
              number={3},
                pages={289--310},
                  year={2003},
                    publisher={Taylor \& Francis}
}


@misc{ars,
author = {Fabbri, Renato},
title = {Social Network Analysis, page with galleries and general directions},
year = {2013},
note={\url{http://wiki.nosdigitais.teia.org.br/ARS}}
}

@article{stabNet,
author={Fabbri, Renato and Silva jr., Vilson Vieira and Fabbri, Ricardo and Antunes, Deborah Christina and Pisani, Marilia Mello},
    title = {Stability in human interaction networks: primitive typology of vertex, prominance of measures and activity statistics},
    year = {2014},
    month = {May},
    journal= {arXiv},
    note={\url{http://arxiv.org/abs/1310.7769}}
}
@article{textNet,
  title={A connective differentiation of textual production in interaction networks},
  author={Fabbri, Renato},
  journal={arXiv},
  year={2014},
    note={\url{http://arxiv.org/abs/1412.7309}}
}


@manual{pnud4,
    title = {UNDP fourth product of contract 2013/00056, project BRA/12/018},
    author = {Fabbri, Renato and Poppi, Ricardo},
    note = {\url{https://github.com/ttm/pnud4/blob/master/latex/produto.pdf?raw=true}}
}
@manual{pnud5,
    title = {UNDP fifth product of contract 2013/00056, project BRA/12/018},
    author = {Fabbri, Renato and Poppi, Ricardo},
    note = {\url{https://github.com/ttm/pnud4/blob/master/latex/produto.pdf?raw=true}}
}
@manual{paulo6,
    title = {Produto 6 da consultoria PNUD/ONU de Paulo Meirelles e Fernando Cruz },
    note = {\url{https://github.com/ttm/tese/blob/master/bib/sgpr/pnud_fwcruz_pmeirelles_produto06_vfinal.docx?raw=true}}
}
@manual{chandra,
    title = {Línguas em rede: para o fortalecimento da língua e da cultura Kokama},
    note = {\url{https://github.com/ttm/tese/blob/master/bib/chandra/VIEGASchandrawood.pdf?raw=true}}
}
@manual{pedro,
    title = {Arte de Pedro Rocha sobre este trabalho},
    note = {\url{https://www.facebook.com/renato.fabbri/media_set?set=a.10152260246819430.781909429&type=3}}
}



@manual{pnud3,
    title = {UNDP third product of contract 2013/00056, project BRA/12/018},
    author = {Fabbri, Renato and Poppi, Ricardo},
    note = {\url{https://github.com/ttm/pnud3/blob/master/latex/produto.pdf?raw=true}}
}

@article{ensaio,
    title = {Ensaio sobre o Auto-Aproveitamento: um relato de investidas naturais na participação social},
  author={Fabbri, Renato},
  journal={arXiv preprint arXiv:1412.6868},
    note = {\url{http://arxiv.org/abs/1412.6868}}
  year={2014}
}
@article{wolfram,
  title={The personal analytics of my life},
  author={Wolfram, Stephen},
  journal={Stephan Wolfram blog},
  volume={8},
  year={2012}
}

@article{OPS,
    title = {Ontologia de Participação Social},
    author={Renato Fabbri},
  note = {\url{http://tinyurl.com/p2doueu}}
}
@article{OPA,
    title = {Ontologia do Participa},
  note= {\url{http://tinyurl.com/lcccwop}}
}

@misc{ocupagov,
  title = {Screens for public streaming of social structures (\#ocupaGOV hashtag)},
    author={Fabbri, Renato},
  howpublished = {\url{http://ocupagov.meteor.com}},
  note = {Acessado: 2014-Dez-16}
}

@misc{mmissa,
  title = {\textsc{MMISSA}: Monitoramento Massivo e Interativo da Sociedade pela Sociedade para Aproveitamento},
  howpublished = {\url{http://mmissa.meteor.com}},
  note = {Acessado: 2014-Dez-16}
}
@misc{mm,
  title = {versão para música da MMISSA: Monitoramento Massivo e Interativo da Sociedade pela Sociedade para Aproveitamento},
  howpublished = {\url{http://mm.meteor.com}},
  note = {Acessado: 2014-Dez-16}
}
@misc{reunioesNexus,
  title = {Nexus research group},
  howpublished = {\url{https://github.com/ttm/tese/blob/master/ApresentacoesArtigos/fisicaAntropologica/NEXOS%20TC%20Tecnologia.docx?raw=true}},
  note = {Accessed: 2015-Jan-27}
}

@misc{mmissa2,
  title = {código geral da MMISSA: Monitoramento Massivo e Interativo da Sociedade pela Sociedade para Aproveitamento},
  howpublished = {\url{https://github.com/ttm/indicadores-participativos}},
  note = {Acessado: 2014-Dez-16}
}
@misc{mynsa,
  title = {mynsa},
  howpublished = {\url{https://github.com/ttm/aars}},
  note = {Acessado: 2014-Dez-16}
}
@misc{codTelao,
  title = {Código dos telões para streaming de estruturas sociais},
  howpublished = {\url{https://github.com/ttm/indicadores-participativos/tree/master/meteorfront/ex5}},
  note = {Acessado: 2014-Dez-16}
}

